@book{Agha:1986aa,
	Author = {Gul Agha},
	Date-Added = {2013-08-18 08:01:53 +0000},
	Date-Modified = {2013-08-18 08:03:23 +0000},
	Keywords = {actor, distributed system, concurrency, semantics},
	Publisher = {MIT Press},
	Title = {Actors: A Model of Concurrent Computation in Distributed Systems},
	Url = {http://mitpress.mit.edu/books/actors},
	Year = {1986},
	Bdsk-Url-1 = {http://mitpress.mit.edu/books/actors}}

@inproceedings{Affeldt200817,
	Abstract = {Thanks to recent advances, modern proof assistants now enable verification of realistic sequential programs. However, regarding the concurrency paradigm, previous work essentially focused on formalization of abstract systems, such as pure concurrent calculi, which are too minimal to be realistic. In this paper, we propose a library that enables verification of realistic concurrent programs in the Coq proof assistant. Our approach is based on an extension of the Ï€-calculus whose encoding enables such programs to be modeled conveniently. This encoding is coupled with a specification language akin to spatial logics, including in particular a notion of fairness, which is important to write satisfactory specifications for realistic concurrent programs. In order to facilitate formal proof, we propose a collection of lemmas that can be reused in the context of different verifications. Among these lemmas, the most effective for simplifying the proof task take advantage of confluence properties. In order to evaluate feasibility of verification of concurrent programs using this library, we perform verification for a non-trivial application. },
	Author = {Reynald Affeldt and Naoki Kobayashi},
	Booktitle = {Fourth International Workshop on Logical Frameworks and Meta-Languages (LFM 2004)},
	Date-Modified = {2015-08-15 06:03:15 +0000},
	Doi = {10.1016/j.entcs.2007.11.010},
	Keywords = {pi-calculus},
	Pages = {17--32},
	Series = {Electronic Notes in Theoretical Computer Science},
	Title = {A {Coq} Library for Verification of Concurrent Programs},
	Url = {http://www.sciencedirect.com/science/article/pii/S1571066108000765},
	Volume = {199},
	Year = {2008},
	Bdsk-Url-1 = {http://www.sciencedirect.com/science/article/pii/S1571066108000765},
	Bdsk-Url-2 = {http://dx.doi.org/10.1016/j.entcs.2007.11.010}}

@inproceedings{Verdi,
	Acmid = {2737958},
	Address = {New York, NY, USA},
	Author = {Wilcox, James R. and Woos, Doug and Panchekha, Pavel and Tatlock, Zachary and Wang, Xi and Ernst, Michael D. and Anderson, Thomas},
	Booktitle = {Proceedings of the 36th ACM SIGPLAN Conference on Programming Language Design and Implementation},
	Doi = {10.1145/2737924.2737958},
	Isbn = {978-1-4503-3468-6},
	Keywords = {Coq, Formal verification, Verdi, distributed systems, proof assistants},
	Location = {Portland, OR, USA},
	Numpages = {12},
	Pages = {357--368},
	Publisher = {ACM},
	Series = {PLDI 2015},
	Title = {Verdi: A Framework for Implementing and Formally Verifying Distributed Systems},
	Url = {http://doi.acm.org/10.1145/2737924.2737958},
	Year = {2015},
	Bdsk-Url-1 = {http://doi.acm.org/10.1145/2737924.2737958},
	Bdsk-Url-2 = {http://dx.doi.org/10.1145/2737924.2737958}}

@inproceedings{Musser:2013aa,
	Author = {David R. Musser and Carlos A. Varela},
	Booktitle = {Workshop on Programming based on Actors, Agents, and Decentralized Control (AGERE!@SPLASH 2013)},
	Date-Added = {2014-07-22 07:48:13 +0000},
	Date-Modified = {2014-07-22 07:50:33 +0000},
	Doi = {10.1145/2541329.2541334},
	Keywords = {actor, verification, Athena},
	Month = {oct},
	Pages = {37--48},
	Publisher = {ACM},
	Title = {Structured Reasoning About Actor Systems},
	Year = {2013},
	Bdsk-File-1 = {YnBsaXN0MDDUAQIDBAUGJCVYJHZlcnNpb25YJG9iamVjdHNZJGFyY2hpdmVyVCR0b3ASAAGGoKgHCBMUFRYaIVUkbnVsbNMJCgsMDxJXTlMua2V5c1pOUy5vYmplY3RzViRjbGFzc6INDoACgAOiEBGABIAFgAdccmVsYXRpdmVQYXRoWWFsaWFzRGF0YV8QOlBhcGVycy9NdXNzZXIvU3RydWN0dXJlZCBSZWFzb25pbmcgQWJvdXQgQWN0b3IgU3lzdGVtcy5wZGbSFwsYGVdOUy5kYXRhTxECEAAAAAACEAACAAAHR3J5cGhvbgAAAAAAAAAAAAAAAAAAAAAAAAAAznheSEgrAAABlHCkH1N0cnVjdHVyZWQgUmVhc29uaW4jMTk0NzBBMi5wZGYAAAAAAAAAAAAAAAAAAAAAAAAAAAAAAAAAAAAAAAAAAAGUcKLP9EbhAAAAAAAAAAAAAQAEAAAJIAAAAAAAAAAAAAAAAAAAAAZNdXNzZXIAEAAIAADOd9+4AAAAEQAIAADP88hRAAAAAQAYAZRwpAAhnmMAIQMIACEC1AAE+sQAAhJ1AAIAWUdyeXBob246VXNlcnM6AHRha3VvOgBEcm9wYm94OgBEb2N1bWVudHM6AFBhcGVyczoATXVzc2VyOgBTdHJ1Y3R1cmVkIFJlYXNvbmluIzE5NDcwQTIucGRmAAAOAFoALABTAHQAcgB1AGMAdAB1AHIAZQBkACAAUgBlAGEAcwBvAG4AaQBuAGcAIABBAGIAbwB1AHQAIABBAGMAdABvAHIAIABTAHkAcwB0AGUAbQBzAC4AcABkAGYADwAQAAcARwByAHkAcABoAG8AbgASAFhVc2Vycy90YWt1by9Ecm9wYm94L0RvY3VtZW50cy9QYXBlcnMvTXVzc2VyL1N0cnVjdHVyZWQgUmVhc29uaW5nIEFib3V0IEFjdG9yIFN5c3RlbXMucGRmABMAAS8AABUAAgAM//8AAIAG0hscHR5aJGNsYXNzbmFtZVgkY2xhc3Nlc11OU011dGFibGVEYXRhox0fIFZOU0RhdGFYTlNPYmplY3TSGxwiI1xOU0RpY3Rpb25hcnmiIiBfEA9OU0tleWVkQXJjaGl2ZXLRJidUcm9vdIABAAgAEQAaACMALQAyADcAQABGAE0AVQBgAGcAagBsAG4AcQBzAHUAdwCEAI4AywDQANgC7ALuAvMC/gMHAxUDGQMgAykDLgM7Az4DUANTA1gAAAAAAAACAQAAAAAAAAAoAAAAAAAAAAAAAAAAAAADWg==}}

@inproceedings{Garnock-Jones:2014aa,
	Author = {Tony Garnock-Jones and Sam Tobin-Hochstadt and Matthias Felleisen},
	Booktitle = {Programming Languages and Systems (ESOP 2014)},
	Date-Added = {2014-07-22 07:45:07 +0000},
	Date-Modified = {2014-07-22 07:47:46 +0000},
	Doi = {10.1007/978-3-642-54833-8_25},
	Keywords = {actor, Coq, verification},
	Pages = {473--492},
	Publisher = {Springer-Verlag},
	Series = {Lecture Notes in Computer Science},
	Title = {The Network as a Language Construct},
	Url = {http://www.ccs.neu.edu/home/tonyg/esop2014/},
	Volume = {8410},
	Year = {2014},
	Bdsk-File-1 = {YnBsaXN0MDDUAQIDBAUGJCVYJHZlcnNpb25YJG9iamVjdHNZJGFyY2hpdmVyVCR0b3ASAAGGoKgHCBMUFRYaIVUkbnVsbNMJCgsMDxJXTlMua2V5c1pOUy5vYmplY3RzViRjbGFzc6INDoACgAOiEBGABIAFgAdccmVsYXRpdmVQYXRoWWFsaWFzRGF0YV8QPFBhcGVycy9HYXJub2NrLUpvbmVzL1RoZSBOZXR3b3JrIGFzIGEgTGFuZ3VhZ2UgQ29uc3RydWN0LnBkZtIXCxgZV05TLmRhdGFPEQIWAAAAAAIWAAIAAAdHcnlwaG9uAAAAAAAAAAAAAAAAAAAAAAAAAADOeF5ISCsAAAGUbNkfVGhlIE5ldHdvcmsgYXMgYSBMYSMxOTQ2Q0Q0LnBkZgAAAAAAAAAAAAAAAAAAAAAAAAAAAAAAAAAAAAAAAAAAAZRs1M/0RhkAAAAAAAAAAAABAAQAAAkgAAAAAAAAAAAAAAAAAAAADUdhcm5vY2stSm9uZXMAABAACAAAznffuAAAABEACAAAz/PHiQAAAAEAGAGUbNkAIZ5jACEDCAAhAtQABPrEAAISdQACAGBHcnlwaG9uOlVzZXJzOgB0YWt1bzoARHJvcGJveDoARG9jdW1lbnRzOgBQYXBlcnM6AEdhcm5vY2stSm9uZXM6AFRoZSBOZXR3b3JrIGFzIGEgTGEjMTk0NkNENC5wZGYADgBQACcAVABoAGUAIABOAGUAdAB3AG8AcgBrACAAYQBzACAAYQAgAEwAYQBuAGcAdQBhAGcAZQAgAEMAbwBuAHMAdAByAHUAYwB0AC4AcABkAGYADwAQAAcARwByAHkAcABoAG8AbgASAFpVc2Vycy90YWt1by9Ecm9wYm94L0RvY3VtZW50cy9QYXBlcnMvR2Fybm9jay1Kb25lcy9UaGUgTmV0d29yayBhcyBhIExhbmd1YWdlIENvbnN0cnVjdC5wZGYAEwABLwAAFQACAAz//wAAgAbSGxwdHlokY2xhc3NuYW1lWCRjbGFzc2VzXU5TTXV0YWJsZURhdGGjHR8gVk5TRGF0YVhOU09iamVjdNIbHCIjXE5TRGljdGlvbmFyeaIiIF8QD05TS2V5ZWRBcmNoaXZlctEmJ1Ryb290gAEACAARABoAIwAtADIANwBAAEYATQBVAGAAZwBqAGwAbgBxAHMAdQB3AIQAjgDNANIA2gL0AvYC+wMGAw8DHQMhAygDMQM2A0MDRgNYA1sDYAAAAAAAAAIBAAAAAAAAACgAAAAAAAAAAAAAAAAAAANi}}

@Comment languages

@misc{Coq,
	Date-Modified = {2015-08-15 09:02:43 +0000},
	Howpublished = {\url{http://coq.inria.fr/}},
	Key = {Coq},
	Title = {The {Coq} Proof Assistant}}

@misc{Actario,
	Howpublished = {\url{https://github.com/amutake/actario}},
	Key = {Actario},
	Title = {Actario: A Framework for Verifying Actor Based Systems}}

@misc{Erlang,
	Howpublished = {\url{http://www.erlang.org/}},
	Key = {Erlang},
	Title = {Erlang Programming Language}}

@misc{Akka,
	Howpublished = {\url{http://akka.io/}},
	Key = {Akka},
	Title = {Akka}}

@misc{Scala,
	Date-Modified = {2015-08-15 09:02:53 +0000},
	Howpublished = {\url{http://scala-lang.org/}},
	Key = {Scala},
	Title = {The {Scala} Programming Language}}

@misc{Athena,
	Author = {K. Arkoudas},
	Howpublished = {\url{http://proofcentral.org/athena}},
	Key = {Athena},
	Title = {Athena}}

@incollection{Sirjani:2011aa,
	Author = {Marjan Sirjani and Mohammad Mahdi Jaghoori},
	Booktitle = {Formal Modeling: Actors, Open Systems, Biological Systems},
	Date-Added = {2015-08-15 06:31:19 +0000},
	Date-Modified = {2015-08-15 09:03:03 +0000},
	Doi = {10.1007/978-3-642-24933-4_3},
	Editor = {Gul Agha and Olivier Danvy and Jos{\'e} Meseguer},
	Keywords = {Rebeca, Actor, concurrency, verification, model checking, abstraction},
	Pages = {20--56},
	Publisher = {Springer-Verlag},
	Series = {Lecture Notes in Computer Science},
	Title = {Ten Years of Analyzing Actors: {Rebeca} Experience},
	Volume = {7000},
	Year = {2011},
	Bdsk-File-1 = {YnBsaXN0MDDUAQIDBAUGJCVYJHZlcnNpb25YJG9iamVjdHNZJGFyY2hpdmVyVCR0b3ASAAGGoKgHCBMUFRYaIVUkbnVsbNMJCgsMDxJXTlMua2V5c1pOUy5vYmplY3RzViRjbGFzc6INDoACgAOiEBGABIAFgAdccmVsYXRpdmVQYXRoWWFsaWFzRGF0YV8QSS4uL2JpYi9QYXBlcnMvU2lyamFuaS9UZW4gWWVhcnMgb2YgQW5hbHl6aW5nIEFjdG9ycyBSZWJlY2EgRXhwZXJpZW5jZS5wZGbSFwsYGVdOUy5kYXRhTxECOAAAAAACOAACAAAFb3dsZXQAAAAAAAAAAAAAAAAAAAAAAAAAAAAAzpj3gkgrAAAB0kY7H1RlbiBZZWFycyBvZiBBbmFseXojMUQyNERGOS5wZGYAAAAAAAAAAAAAAAAAAAAAAAAAAAAAAAAAAAAAAAAAAAHSTfnK6GyoAAAAAAAAAAAAAQAEAAAJIAAAAAAAAAAAAAAAAAAAAAdTaXJqYW5pAAAQAAgAAM6YePIAAAARAAgAAMrn7hgAAAABACAB0kY7AdI8JgHSO74AE79dABNIjgAScV4ACRg7AAJkfAACAGBvd2xldDpVc2VyczoAdGFrdW86AERyb3Bib3g6AFdvcms6AFBhcGVyczoAYmliOgBQYXBlcnM6AFNpcmphbmk6AFRlbiBZZWFycyBvZiBBbmFseXojMUQyNERGOS5wZGYADgBoADMAVABlAG4AIABZAGUAYQByAHMAIABvAGYAIABBAG4AYQBsAHkAegBpAG4AZwAgAEEAYwB0AG8AcgBzACAAUgBlAGIAZQBjAGEAIABFAHgAcABlAHIAaQBlAG4AYwBlAC4AcABkAGYADwAMAAUAbwB3AGwAZQB0ABIAZlVzZXJzL3Rha3VvL0Ryb3Bib3gvV29yay9QYXBlcnMvYmliL1BhcGVycy9TaXJqYW5pL1RlbiBZZWFycyBvZiBBbmFseXppbmcgQWN0b3JzIFJlYmVjYSBFeHBlcmllbmNlLnBkZgATAAEvAAAVAAIADP//AACABtIbHB0eWiRjbGFzc25hbWVYJGNsYXNzZXNdTlNNdXRhYmxlRGF0YaMdHyBWTlNEYXRhWE5TT2JqZWN00hscIiNcTlNEaWN0aW9uYXJ5oiIgXxAPTlNLZXllZEFyY2hpdmVy0SYnVHJvb3SAAQAIABEAGgAjAC0AMgA3AEAARgBNAFUAYABnAGoAbABuAHEAcwB1AHcAhACOANoA3wDnAyMDJQMqAzUDPgNMA1ADVwNgA2UDcgN1A4cDigOPAAAAAAAAAgEAAAAAAAAAKAAAAAAAAAAAAAAAAAAAA5E=}}
